2425 4400
143 1062 443 1221 Bene,
508 1123 769 1221 hercle,
833 1126 1078 1192 factum
1117 1138 1211 1191 est
1252 1139 1316 1192 et
1356 1121 1713 1212 condigne,
1746 1085 1856 1190 ‘ut
1890 1087 2195 1214 ’quipen

145 1244 287 1311 duo
345 1246 552 1312 fenne
605 1244 861 1312 saecula
919 1246 1253 1332 neglectus.
1305 1242 1608 1332 turpique
1659 1243 1790 1310 situ
1851 1243 2161 1311 deformis

144 1363 446 1452 iacuerat
488 1365 856 1432 comoediae
899 1364 1235 1431 Romanae
1276 1362 1575 1454 princeps
1590 1361 1708 1450 ιι*),
1754 1379 1905 1430 eum
1942 1381 2162 1433 nostra

149 1500 336 1555 aetas
405 1481 774 1575 diligentius
840 1484 1057 1551 curari
1106 1484 1509 1551 eruditorum
1558 1480 1865 1551 virorum
1912 1475 2164 1571 studiis,

109 1624 119 1639 '
153 1604 560 1694 purgarique
602 1619 667 1671 et
693 1628 783 1671 ex
819 1619 1003 1694 parte
1041 1604 1352 1672 nitescere
1375 1627 1602 1672 rursus
1628 1603 1903 1671 videret.
1987 1594 2165 1674 Nam

151 1740 305 1812 post
358 1721 718 1811 Camerarii
780 1740 842 1790 et
909 1721 1107 1792 Parei
1174 1726 1547 1814 religiosam
1602 1720 2070 1814 diligentiam„
2106 1726 2165 1794 si

153 1844 455 1912 omiseris
499 1843 822 1912 Gronovii
863 1846 1045 1932 quasi
1085 1843 1526 1914 velitationem
1569 1861 1631 1913 et
1674 1869 1908 1935 paucas
1948 1848 2021 1913 iu
2058 1848 2163 1915 lo-

154 1989 265 2033 cos
319 1963 585 2032 selectos
617 1961 886 2055 scriptas
926 1966 1543 2049 animadversiones,
1588 1965 1670 2031 ad
1709 1983 2004 2034 nostrum
2048 1994 2161 2036 us-

57 2144 64 2149 .
153 2111 285 2174 que
346 2087 678 2153 saeculum
717 2085 842 2154 vix
895 2086 1232 2173 quisquam
1274 2082 1887 2153 commemoratione
1928 2088 2161 2181 dignus

153 2205 384 2319 Plauti
421 2204 852 2298 patrocinium
892 2204 1206 2297 suscepit3
1285 2208 1398 2273 sed
1455 2222 1633 2274 tanta
1675 2208 2014 2275 doctorum
2054 2189 2169 2278 vi·-

154 2354 392 2431 rorum
448 2329 643 2395 corda
703 2341 1132 2416 occupaverat
1185 2316 1483 2393 socordia
1502 2370 1527 2410 ,
1586 2339 1660 2392 ut
1708 2322 2163 2398 Ernestiu'sin

151 2449 561 2541 praefatione
603 2443 899 2555 editionis
940 2471 1094 2515 suae
1132 2443 1403 2515 minime
1460 2422 1738 2537 optabile
1798 2474 1934 2517 csse
1975 2452 2162 2518 affir-

155 2585 401 2654 maret,
443 2565 793 2656 „homines
836 2542 1055 2637 doctos
1097 2592 1324 2635 rursus
1367 2592 1442 2635 eo
1486 2569 1702 2635 delabi
1750 2593 1970 2636 errore
2014 2568 2159 2659 opi-

55 2703 61 2708 ’
156 2688 411 2789 nionis,
481 2706 554 2756 ut
602 2689 768 2757 sicut
819 2689 890 2756 in
937 2684 1251 2756 Terentio
1304 2690 1553 2753 factum
1606 2687 1691 2755 sit
1744 2712 1783 2754 a
1836 2687 2158 2774 Bentleio‚

45 2879 56 2887 ³
154 2808 250 2876 ita
295 2809 374 2902 ad
412 2811 587 2897 leges
625 2808 905 2910 poeticas
945 2809 1179 2898 refingi
1219 2808 1430 2876 velint
1468 2803 1801 2875 Plautum.
1807 2813 1857 2851 “

291 2927 560 2996 Primus
601 2927 795 2997 huius
835 2927 1080 3026 saeculi
1122 2953 1329 2995 annus
1380 2926 1659 3018 primam
1712 2927 1937 2996 salutis
1978 2952 2161 3036 spem

159 3032 481 3118 Sarsinati
525 3064 749 3139 poetae
789 3017 1040 3133 attulit,
1087 3074 1289 3137 quum
1321 3045 1791 3117 Trinummum
1834 3050 2162 3118 Godofre-
2196 3100 2200 3108 .

107 3191 114 3198 ·
161 3168 286 3235 dus
341 3167 792 3255 Hermannus,
852 3192 1051 3235 unam
1122 3194 1157 3234 e
1215 3166 1785 3258 praestantioribus
1842 3171 2158 3254 fabulam,

160 3288 564 3355 emendatam
601 3306 662 3357 et
703 3288 786 3357 ad
835 3314 953 3356 sua
1000 3305 1205 3356 metra
1247 3306 1617 3358 revocatam
1656 3286 1727 3355 in
1747 3288 1962 3356 lucem
1996 3274 2161 3356 emi-

159 3406 366 3476 sisset.
455 3406 590 3494 Qui
631 3406 741 3478 vir
780 3407 1279 3496 ingenio‘atque
1319 3405 1680 3475 eruditione
1710 3432 1909 3496 aeque
1947 3408 2163 3473 admi-

161 3529 388 3597 rabilis
429 3528 682 3595 utinam
722 3544 927 3596 totum
969 3529 1156 3598 nobis
1197 3526 1504 3595 Plautum
1524 3573 1548 3612 ,
1606 3542 1719 3594 aut
1759 3530 1980 3616 plures
2026 3526 2161 3594 sal-

161 3664 294 3716 tem
338 3648 591 3747 fabulas
632 3648 715 3715 ad
757 3647 934 3715 illius
974 3649 1350 3738 exemplum
1386 3645 1695 3716 dedisset!
1782 3644 1913 3713 Sed
1942 3661 2160 3713 tamen

299 3870 355 3941 ⁴)
400 3869 489 3929 Cf.
524 3870 800 3929 Niebuhr.
855 3874 1006 3929 Uel».
1041 3869 1135 3926 <lie
1166 3873 1251 3927 als
1284 3869 1639 3941 untergesch.
1677 3868 1802 3924 bez.
1841 3872 2051 3927 Stellen
2081 3865 2190 3925 im‘

160 3958 410 4024 ΡΙιιιίιιι.
481 3958 646 4015 Aba:
663 3959 725 4016 «1.
759 3960 908 4016 nen.
945 3959 1058 4017 ΑΒ.
1095 3953 1892 4028 1816.17.mxt.1›ffi¹.ct.
1927 3957 2129 4029 pm

1665 4059 1751 4123 1*
